@article{HeulotAnEvaluation,
  title={Visualizing dimensionality reduction artifacts: An evaluation},
  author={Heulot, Nicolas and Fekete, Jean-Daniel and Aupetit, Michael},
  journal={arXiv preprint arXiv:1705.05283},
  year={2017}
}

@incollection{keim2008visual,
  title={Visual analytics: Definition, process, and challenges},
  author={Keim, Daniel and Andrienko, Gennady and Fekete, Jean-Daniel and G{\"o}rg, Carsten and Kohlhammer, J{\"o}rn and Melan{\c{c}}on, Guy},
  booktitle={Information visualization},
  pages={154--175},
  year={2008},
  publisher={Springer}
}

@phdthesis{HeulotThese,
  title={Etude des projections de donn{\'e}es comme support interactif de l'analyse visuelle de la structure de donn{\'e}es de grande dimension},
  author={Heulot, Nicolas},
  year={2014},
  school={Universit{\'e} Paris-Sud}
}

@article{scarlet,
  title={Interactive dimensionality reduction through user-defined combinations of quality metrics},
  author={Johansson, Sara and Johansson, Jimmy},
  journal={IEEE transactions on visualization and computer graphics},
  volume={15},
  number={6},
  pages={993--1000},
  year={2009},
  publisher={IEEE}
}

@inproceedings{CheckViz,
  title={CheckViz: Sanity Check and Topological Clues for Linear and Non-Linear Mappings},
  author={Lespinats, Sylvain and Aupetit, Micha{\"e}l},
  booktitle={Computer Graphics Forum},
  volume={30},
  number={1},
  pages={113--125},
  year={2011},
  organization={Wiley Online Library}
}

@article{aupetit2007visualizing,
  title={Visualizing distortions and recovering topology in continuous projection techniques},
  author={Aupetit, Micha{\"e}l},
  journal={Neurocomputing},
  volume={70},
  number={7-9},
  pages={1304--1330},
  year={2007},
  publisher={Elsevier}
}

@inproceedings{PR-ACP,
  title={Progressive principal component analysis},
  author={Liu, Jun and Chen, Songcan and Zhou, Zhi-Hua},
  booktitle={International Symposium on Neural Networks},
  pages={768--773},
  year={2004},
  organization={Springer}
  }


@article{barchard2011preventing,
  title={Preventing human error: The impact of data entry methods on data accuracy and statistical results},
  author={Barchard, Kimberly A and Pace, Larry A},
  journal={Computers in Human Behavior},
  volume={27},
  number={5},
  pages={1834--1839},
  year={2011},
  publisher={Elsevier}
}

@article{mahoney1977Biais,
  title={Publication prejudices: An experimental study of confirmatory bias in the peer review system},
  author={Mahoney, Michael J},
  journal={Cognitive therapy and research},
  volume={1},
  number={2},
  pages={161--175},
  year={1977},
  publisher={Springer}
}


@inproceedings{micallef2019HumanProgressiv,
  title={The Human User in Progressive Visual Analytics.},
  author={Micallef, Luana and Schulz, Hans-J{\"o}rg and Angelini, Marco and Aupetit, Micha{\"e}l and Chang, Remco and Kohlhammer, J{\"o}rn and Perer, Adam and Santucci, Giuseppe},
  booktitle={Eurovis (short papers)},
  pages={19--23},
  year={2019}
}


@article{dzemyda2016big,
  title={Big multidimensional datasets visualization using neural networks--efficient decision support},
  author={Dzemyda, Gintautas and Medvedev, Viktor and Lupeikiene, Audrone and Kurasova, Olga and Caplinskas, Albertas},
  journal={Complex Systems Informatics and Modeling Quarterly},
  number={6},
  pages={1--11},
  year={2016}
}

@article{schreck2010techniques,
  title={Techniques for precision-based visual analysis of projected data},
  author={Schreck, Tobias and Von Landesberger, Tatiana and Bremm, Sebastian},
  journal={Information Visualization},
  volume={9},
  number={3},
  pages={181--193},
  year={2010},
  publisher={SAGE Publications Sage UK: London, England}
}

@inproceedings{colange_steering_2020,
 author = {Colange, Beno\^{\i}t and Peltonen, Jaakko and Aupetit, Michael and Dutykh, Denys and Lespinats, Sylvain},
 booktitle = {Advances in Neural Information Processing Systems},
 editor = {H. Larochelle and M. Ranzato and R. Hadsell and M. F. Balcan and H. Lin},
 pages = {13214--13225},
 publisher = {Curran Associates, Inc.},
 title = {Steering Distortions to Preserve Classes and Neighbors in Supervised Dimensionality Reduction},
 url = {https://proceedings.neurips.cc/paper/2020/file/99607461cdb9c26e2bd5f31b12dcf27a-Paper.pdf},
 volume = {33},
 year = {2020}
}


@article{somorjai2011Dissimilarity,
  title={Class proximity measures--Dissimilarity-based classification and display of high-dimensional data},
  author={Somorjai, Ray L and Dolenko, Brion and Nikulin, A and Roberson, W and Thiessen, N},
  journal={Journal of biomedical informatics},
  volume={44},
  number={5},
  pages={775--788},
  year={2011},
  publisher={Elsevier}
}

@article{karimi2018Supervised,
  title={SRP: Efficient class-aware embedding learning for large-scale data via supervised random projections},
  author={Karimi, Amir-Hossein and Wong, Alexander and Ghodsi, Ali},
  journal={arXiv preprint arXiv:1811.03166},
  year={2018}
}

@incollection{dickhaus2014ForceBrute,
  title={Simultaneous statistical inference},
  author={Dickhaus, Thorsten},
  booktitle={With applications in the life sciences},
  year={2014},
  publisher={Springer}
}

@inproceedings{hwang1991GradientNeuralNetwork,
  title={A comparison of projection pursuit and neural network regression modeling},
  author={Hwang, Jenq-Neng and Li, Hang and Maechler, Martin and Martin, R Douglas and Schimert, Jim},
  booktitle={NIPS},
  pages={1159--1166},
  year={1991}
}

@inproceedings{breunig2000lof,
  title={LOF: identifying density-based local outliers},
  author={Breunig, Markus M and Kriegel, Hans-Peter and Ng, Raymond T and Sander, J{\"o}rg},
  booktitle={Proceedings of the 2000 ACM SIGMOD international conference on Management of data},
  pages={93--104},
  year={2000}
}

@article{van2008TSNE,
  title={Visualizing data using t-SNE.},
  author={Van der Maaten, Laurens and Hinton, Geoffrey},
  journal={Journal of machine learning research},
  volume={9},
  number={11},
  year={2008}
}

@article{linderman2019Spectral1,
  title={Clustering with t-SNE, provably},
  author={Linderman, George C and Steinerberger, Stefan},
  journal={SIAM Journal on Mathematics of Data Science},
  volume={1},
  number={2},
  pages={313--332},
  year={2019},
  publisher={SIAM}
}

@misc{chui2006Spectral2,
  title={Special issue on diffusion maps and wavelets},
  author={Chui, Charles and Donoho, David},
  journal={Applied and Computational Harmonic Analysis},
  volume={21},
  number={1},
  pages={1--2},
  year={2006},
  publisher={Academic Press}
}

@article{sammon1969nonlinear,
  title={A nonlinear mapping for data structure analysis},
  author={Sammon, John W},
  journal={IEEE Transactions on computers},
  volume={100},
  number={5},
  pages={401--409},
  year={1969},
  publisher={Ieee}
}


@article{demartines1997curvilinearCCA,
  title={Curvilinear component analysis: A self-organizing neural network for nonlinear mapping of data sets},
  author={Demartines, Pierre and H{\'e}rault, Jeanny},
  journal={IEEE TransacZtions on neural networks},
  volume={8},
  number={1},
  pages={148--154},
  year={1997},
  publisher={IEEE}
}

@inproceedings{weinberger2006MVU1,
  title={An introduction to nonlinear dimensionality reduction by maximum variance unfolding},
  author={Weinberger, Kilian Q and Saul, Lawrence K},
  booktitle={AAAI},
  volume={6},
  pages={1683--1686},
  year={2006}
}

@inproceedings{song2007MVU2,
  title={Colored Maximum Variance Unfolding.},
  author={Song, Le and Smola, Alexander J and Borgwardt, Karsten M and Gretton, Arthur and others},
  booktitle={Nips},
  pages={1385--1392},
  year={2007},
  organization={Citeseer}
}


@article{saul2000introduction,
  title={An introduction to locally linear embedding},
  author={Saul, Lawrence K and Roweis, Sam T},
  journal={unpublished. Available at: http://www. cs. toronto. edu/\~{} roweis/lle/publications. html},
  year={2000}
}

@article{belkin2002semi,
  title={Semi-supervised learning on manifolds},
  author={Belkin, Mikhail and Niyogi, Partha},
  journal={Machine Learning Journal},
  volume={1},
  year={2002},
  publisher={Citeseer}
}




@article{holten2006-EDGE1,
  title={Hierarchical edge bundles: Visualization of adjacency relations in hierarchical data},
  author={Holten, Danny},
  journal={IEEE Transactions on visualization and computer graphics},
  volume={12},
  number={5},
  pages={741--748},
  year={2006},
  publisher={IEEE}
}


@inproceedings{holten2011-EDGE2,
  title={An extended evaluation of the readability of tapered, animated, and textured directed-edge representations in node-link graphs},
  author={Holten, Danny and Isenberg, Petra and Van Wijk, Jarke J and Fekete, Jean-Daniel},
  booktitle={2011 IEEE Pacific Visualization Symposium},
  pages={195--202},
  year={2011},
  organization={IEEE}
}


@inproceedings{wilkinson2005graph-MST,
  title={Graph-theoretic scagnostics},
  author={Wilkinson, Leland and Anand, Anushka and Grossman, Robert},
  booktitle={Information Visualization, IEEE Symposium on},
  pages={21--21},
  year={2005},
  organization={IEEE Computer Society}
}

@inproceedings{togbe2020anomaly-IsolationForest,
  title={Anomaly detection for data streams based on isolation forest using scikit-multiflow},
  author={Togbe, Maurras Ulbricht and Barry, Mariam and Boly, Aliou and Chabchoub, Yousra and Chiky, Raja and Montiel, Jacob and Tran, Vinh-Thuy},
  booktitle={International Conference on Computational Science and Its Applications},
  pages={15--30},
  year={2020},
  organization={Springer}
}

@inproceedings{brehmer2014visualizing-DifferentEvaluation,
  title={Visualizing dimensionally-reduced data: Interviews with analysts and a characterization of task sequences},
  author={Brehmer, Matthew and Sedlmair, Michael and Ingram, Stephen and Munzner, Tamara},
  booktitle={Proceedings of the Fifth Workshop on Beyond Time and Errors: Novel Evaluation Methods for Visualization},
  pages={1--8},
  year={2014}
}

@article{von2007SpectralClustering,
  title={A tutorial on spectral clustering},
  author={Von Luxburg, Ulrike},
  journal={Statistics and computing},
  volume={17},
  number={4},
  pages={395--416},
  year={2007},
  publisher={Springer}
}


@article{fontes2011ProjectionScore,
  title={The projection score-an evaluation criterion for variable subset selection in PCA visualization},
  author={Fontes, Magnus and Soneson, Charlotte},
  journal={BMC bioinformatics},
  volume={12},
  number={1},
  pages={1--17},
  year={2011},
  publisher={BioMed Central}
}


@book{card1999readings,
  title={Readings in information visualization: using vision to think},
  author={Card, Mackinlay},
  year={1999},
  publisher={Morgan Kaufmann}
}

@article{tran2021approaching,
  title={Approaching human vision perception to designing visual graph in data visualization},
  author={Tran, Phuoc Vinh and Le, Truong Xuan},
  journal={Concurrency and Computation: Practice and Experience},
  volume={33},
  number={2},
  pages={e5722},
  year={2021},
  publisher={Wiley Online Library}
}

@inproceedings{deering1998human_vision,
  title={The limits of human vision},
  author={Deering, Michael F},
  booktitle={2nd International Immersive Projection Technology Workshop},
  volume={2},
  pages={1},
  year={1998}
}

@misc{koffka1997PsychoGesttalt,
  title={Principle of Gestalt Psychology, translated by W. Li},
  author={Koffka, K},
  year={1997},
  publisher={Zhejiang Education Press, Hangzhou, China}
}


@phdthesis{hetlerovicdetekce-OUTLIER-Thesis ,
  title={Detekce anom{\'a}li{\'\i} a automatick{\'e} strojov{\'e} u{\v{c}}en{\'\i}},
  author={HETLEROVI{\'C}, Du{\v{s}}an},
  school={Masarykova univerzita, Fakulta informatiky},
  year ={2018}
}

@article{baron1988heuristics,
  title={Heuristics and biases in diagnostic reasoning: II. Congruence, information, and certainty},
  author={Baron, Jonathan and Beattie, Jane and Hershey, John C},
  journal={Organizational Behavior and Human Decision Processes},
  volume={42},
  number={1},
  pages={88--110},
  year={1988},
  publisher={Elsevier}
}


@article{abdi2007-MDS,
  title={Metric multidimensional scaling (MDS): analyzing distance matrices},
  author={Abdi, Herv{\'e}},
  journal={Encyclopedia of measurement and statistics},
  pages={1--13},
  year={2007},
  publisher={Sage Thousand Oaks, CA}
}

@inproceedings{hinton2002-SNE,
  title={Stochastic neighbor embedding},
  author={Hinton, Geoffrey and Roweis, Sam T},
  booktitle={NIPS},
  volume={15},
  pages={833--840},
  year={2002},
  organization={Citeseer}
}


@inproceedings{
    great_proceedings,
    title       = {A great proceedings},
    booktitle   = {Great stuff Symposium},
    author      = {SURNAME, Name and SURNAME2, Name2},
    year        = {0000},
    url         = {https://link.to/file}
}

@article{kruskal1964multidimensional,
  title={Multidimensional scaling by optimizing goodness of fit to a nonmetric hypothesis},
  author={Kruskal, Joseph B},
  journal={Psychometrika},
  volume={29},
  number={1},
  pages={1--27},
  year={1964},
  publisher={Springer}

}

@inproceedings{AndradaTatu2010visual,
  title={Visual quality metrics and human perception: an initial study on 2D projections of large multidimensional data},
  author={Tatu, Andrada and Bak, Peter and Bertini, Enrico and Keim, Daniel and Schneidewind, Joern},
  booktitle={Proceedings of the International Conference on Advanced Visual Interfaces},
  pages={49--56},
  year={2010}
}

@inproceedings{AndradaTatu2009combining,
  title={Combining automated analysis and visualization techniques for effective exploration of high-dimensional data},
  author={Tatu, Andrada and Albuquerque, Georgia and Eisemann, Martin and Schneidewind, Jorn and Theisel, Holger and Magnork, Marcus and Keim, Daniel},
  booktitle={2009 IEEE Symposium on Visual Analytics Science and Technology},
  pages={59--66},
  year={2009},
  organization={IEEE}
}


@article{joia2011local-LAMP,
  title={Local affine multidimensional projection},
  author={Joia, Paulo and Coimbra, Danilo and Cuminato, Jose A and Paulovich, Fernando V and Nonato, Luis G},
  journal={IEEE Transactions on Visualization and Computer Graphics},
  volume={17},
  number={12},
  pages={2563--2571},
  year={2011},
  publisher={IEEE}
}


@article{bertini2011Class-Consistency,
  title={Quality metrics in high-dimensional data visualization: An overview and systematization},
  author={Bertini, Enrico and Tatu, Andrada and Keim, Daniel},
  journal={IEEE Transactions on Visualization and Computer Graphics},
  volume={17},
  number={12},
  pages={2203--2212},
  year={2011},
  publisher={IEEE}
}

@article{bertini2011quality-AutomatisationAlgo,
  title={Quality metrics in high-dimensional data visualization: An overview and systematization},
  author={Bertini, Enrico and Tatu, Andrada and Keim, Daniel},
  journal={IEEE Transactions on Visualization and Computer Graphics},
  volume={17},
  number={12},
  pages={2203--2212},
  year={2011},
  publisher={IEEE}
}

@article{aupetit2007visualizingg,
  title={Visualizing distortions and recovering topology in continuous projection techniques},
  author={Aupetit, Michael},
  journal={Neurocomputing},
  volume={70},
  number={7-9},
  pages={1304--1330},
  year={2007},
  publisher={Elsevier}
}


@inproceedings{garcia2013stability,
  title={Stability comparison of dimensionality reduction techniques attending to data and parameter variations},
  author={Garc{\'\i}a Fern{\'a}ndez, Francisco Javier and Verleysen, Michel and Lee, John A and D{\'\i}az Blanco, Ignacio and others},
  booktitle={Eurographics Conference on Visualization (EuroVis)(2013)},
  year={2013},
  organization={The Eurographics Association}
}

@article{nonato2018multidimensional,
  title={Multidimensional projection for visual analytics: Linking techniques with distortions, tasks, and layout enrichment},
  author={Nonato, Luis Gustavo and Aupetit, Michael},
  journal={IEEE Transactions on Visualization and Computer Graphics},
  volume={25},
  number={8},
  pages={2650--2673},
  year={2018},
  publisher={IEEE}
}


@article{
  great_article,
  author  = {SURNAME, Name and SURNAME2, Name2},
  year    = {0000},
  month   = jun,
  pages   = {333-346},
  title   = {A great article title},
  volume  = {45},
  journal = {ACM SIGARCH Computer Architecture News},
  url     = {https://doi.org/10.1145/3140659.3080223},
  doi     = {10.1145/3140659.3080223}
}



@article{s-isomap,
author = {Geng, Xin and Zhan, De-Chuan and Zhou, Zhi-Hua},
year = {2006},
month = {01},
pages = {1098-107},
title = {Supervised Nonlinear Dimensionality Reduction for Visualization and Classification},
volume = {35},
journal = {IEEE transactions on systems, man, and cybernetics. Part B, Cybernetics : a publication of the IEEE Systems, Man, and Cybernetics Society},
doi = {10.1109/TSMCB.2005.850151}
}

@inproceedings{NCA,
 author = {Goldberger, Jacob and Hinton, Geoffrey E and Roweis, Sam and Salakhutdinov, Russ R},
 booktitle = {Advances in Neural Information Processing Systems},
 editor = {L. Saul and Y. Weiss and L. Bottou},
 pages = {},
 publisher = {MIT Press},
 title = {Neighbourhood Components Analysis},
 url = {https://proceedings.neurips.cc/paper/2004/file/42fe880812925e520249e808937738d2-Paper.pdf},
 volume = {17},
 year = {2005}
}


@inproceedings{abbas2019clustme,
  title={Clustme: A visual quality measure for ranking monochrome scatterplots based on cluster patterns},
  author={Abbas, Mostafa M and Aupetit, Micha{\"e}l and Sedlmair, Michael and Bensmail, Halima},
  booktitle={Computer Graphics Forum},
  volume={38},
  number={3},
  pages={225--236},
  year={2019},
  organization={Wiley Online Library}
}

@inproceedings{agrawal1998automatic,
  title={Automatic subspace clustering of high dimensional data for data mining applications},
  author={Agrawal, Rakesh and Gehrke, Johannes and Gunopulos, Dimitrios and Raghavan, Prabhakar},
  booktitle={Proceedings of the 1998 ACM SIGMOD international conference on Management of data},
  pages={94--105},
  year={1998}
}

@article{towardsdatascience-DBSCAN,
  author          = {Vijini Mallawaarachchi},
  journal         = {towardsdatascience.com},
  number          = {},
  title           = {How to Use DBSCAN Effectively},
  volume          = {},
  year            = {},
  url = {https://towardsdatascience.com/how-to-use-dbscan-effectively-ed212c02e62}

}

@article{towardsdatascience-DBSCAN2,
  author          = {Vijini Mallawaarachchi},
  journal         = {towardsdatascience.com},
  number          = {},
  title           = {How to Use DBSCAN Effectively},
  volume          = {},
  year            = {},
  url = {https://donernesto.github.io/blog/outlier-detection-with-dbscan/}

}
